<record><leader>00000cas a2200000 a 4500</leader><controlfield tag="001">34834915</controlfield><controlfield tag="008">960531u1995uuuuflumr ne      0    0eng c</controlfield><datafield ind1=" " ind2=" " tag="010"><subfield code="a">sn 96027419 </subfield></datafield><datafield ind1=" " ind2=" " tag="040"><subfield code="a">FUG</subfield><subfield code="b">eng</subfield><subfield code="c">FUG</subfield><subfield code="d">OCLCQ</subfield><subfield code="d">OCLCF</subfield><subfield code="d">OCLCO</subfield></datafield><datafield ind1=" " ind2=" " tag="012"><subfield code="i">9606</subfield></datafield><datafield ind1="1" ind2=" " tag="029"><subfield code="a">AU@</subfield><subfield code="b">000012500207</subfield></datafield><datafield ind1=" " ind2=" " tag="037"><subfield code="b">Independent Student Coalition, PO Box 14171, Gainesville, FL 32604</subfield></datafield><datafield ind1=" " ind2=" " tag="042"><subfield code="a">pcc</subfield></datafield><datafield ind1=" " ind2=" " tag="043"><subfield code="a">n-us-fl</subfield></datafield><datafield ind1="0" ind2=" " tag="130"><subfield code="a">Independent voice (Gainesville, Fla.)</subfield></datafield><datafield ind1="1" ind2="4" tag="245"><subfield code="a">The independent voice.</subfield></datafield><datafield ind1=" " ind2=" " tag="260"><subfield code="a">Gainesville, FL :</subfield><subfield code="b">Independent Student Coalition</subfield></datafield><datafield ind1=" " ind2=" " tag="300"><subfield code="a">v. :</subfield><subfield code="b">ill. ;</subfield><subfield code="c">36 cm.</subfield></datafield><datafield ind1=" " ind2=" " tag="310"><subfield code="a">Monthly</subfield></datafield><datafield ind1="1" ind2=" " tag="362"><subfield code="a">Began Oct. 1995.</subfield></datafield><datafield ind1=" " ind2=" " tag="500"><subfield code="a">"The Independent Voice is a student newspaper published monthly by members of the Independent Student Coalition with the goal of empowering the University of Florida student body."</subfield></datafield><datafield ind1=" " ind2=" " tag="530"><subfield code="a">Online ed.: Independent voice (Gainesville, Fla. : Online).</subfield></datafield><datafield ind1=" " ind2=" " tag="588"><subfield code="a">Description based on: Vol. 1, issue 2 (Nov. 1995).</subfield></datafield><datafield ind1="2" ind2="0" tag="610"><subfield code="a">University of Florida</subfield><subfield code="x">Students.</subfield></datafield><datafield ind1=" " ind2="0" tag="651"><subfield code="a">Gainesville (Fla.)</subfield><subfield code="v">Newspapers.</subfield></datafield><datafield ind1=" " ind2="0" tag="651"><subfield code="a">Alachua County (Fla.)</subfield><subfield code="v">Newspapers.</subfield></datafield><datafield ind1=" " ind2="7" tag="655"><subfield code="a">Newspapers.</subfield><subfield code="2">fast</subfield><subfield code="0">(OCoLC)fst01423814</subfield></datafield><datafield ind1="2" ind2="7" tag="610"><subfield code="a">University of Florida.</subfield><subfield code="2">fast</subfield><subfield code="0">(OCoLC)fst00532963</subfield></datafield><datafield ind1=" " ind2="7" tag="650"><subfield code="a">Students.</subfield><subfield code="2">fast</subfield><subfield code="0">(OCoLC)fst01136041</subfield></datafield><datafield ind1=" " ind2="7" tag="651"><subfield code="a">Florida</subfield><subfield code="z">Alachua County.</subfield><subfield code="2">fast</subfield><subfield code="0">(OCoLC)fst01214687</subfield></datafield><datafield ind1=" " ind2="7" tag="651"><subfield code="a">Florida</subfield><subfield code="z">Gainesville.</subfield><subfield code="2">fast</subfield><subfield code="0">(OCoLC)fst01207243</subfield></datafield><datafield ind1=" " ind2=" " tag="752"><subfield code="a">United States</subfield><subfield code="b">Florida</subfield><subfield code="c">Alachua</subfield><subfield code="d">Gainesville.</subfield></datafield><datafield ind1="1" ind2=" " tag="776"><subfield code="t">Independent voice (Gainesville, Fla. : Online)</subfield><subfield code="w">(DLC)sn 96027420</subfield><subfield code="w">(OCoLC)34834916</subfield></datafield><datafield ind1=" " ind2=" " tag="850"><subfield code="a">FU</subfield></datafield><datafield ind1="4" ind2=" " tag="856"><subfield code="u">http://www.afn.org/%7Evoice/</subfield></datafield></record>